 
@Article{kirshbaum2007,
  author       = {Kirshbaum, Daniel J. and Bryan, George H. and Rotunno, Richard and Durran, Dale R.},
  date         = {2007-05},
  journaltitle = {Journal of the Atmospheric Sciences},
  title        = {The Triggering of Orographic Rainbands by Small-Scale Topography},
  doi          = {10.1175/jas3924.1},
  issn         = {0022-4928},
  number       = {5},
  pages        = {1530--1549},
  volume       = {64},
  file         = {:kirshbaum2007 - The Triggering of Orographic Rainbands by Small Scale Topography.pdf:PDF},
  publisher    = {American Meteorological Society},
}

 
@Article{dennis2017,
  author       = {Dennis, Eli J. and Kumjian, Matthew R.},
  date         = {2017-02},
  journaltitle = {Journal of the Atmospheric Sciences},
  title        = {The Impact of Vertical Wind Shear on Hail Growth in Simulated Supercells},
  doi          = {10.1175/jas-d-16-0066.1},
  issn         = {1520-0469},
  number       = {3},
  pages        = {641--663},
  volume       = {74},
  file         = {:dennis2017 - The Impact of Vertical Wind Shear on Hail Growth in Simulated Supercells.pdf:PDF},
  publisher    = {American Meteorological Society},
}

@Misc{may2016,
  author    = {May, Ryan and Arms, Sean and Marsh, Patrick and Bruning, Eric and Leeman, John and Bruick, Zachary and Camron, M. Drew},
  date      = {2016},
  title     = {MetPy},
  doi       = {10.5065/D6WW7G29},
  language  = {en},
  copyright = {BSD 3-Clause License},
  keywords  = {Software, Free computer software, Python (Computer program language), Open source software, Geospatial data, Data processing, Earth sciences},
  publisher = {UCAR/NCAR - Unidata},
}

@Comment{jabref-meta: databaseType:biblatex;}
